@article{cordell1992,
	title = {A scattered equivalent-source method for interpolation and gridding of potential-field data in three dimensions},
	author = {Cordell, Lindrith},
	journal = {Geophysics},
	volume = {57},
	number = {4},
	pages = {629--636},
	year = {1992},
	publisher = {Society of Exploration Geophysicists}
}

@article{siqueira-etal2017,
	author = {Siqueira, F.C.L and Oliveira{ }Jr., V. C. and Barbosa, V. C. F.},
	title = {Fast iterative equivalent-layer technique for gravity data processing: A method 
	grounded on excess mass constraint},
	journal = {GEOPHYSICS},
	volume = {82},
	number = {4},
	pages = {G57-G69},
	year = {2017},
	doi = {10.1190/GEO2016-0332.1}
}

@article{takahashi-etal2020,
	author = {Diego Takahashi and Vanderlei C. Oliveira{ }Jr. and Val√©ria C. F. Barbosa},
	title = {Convolutional equivalent layer for gravity data processing},
	journal = {GEOPHYSICS},
	volume = {85},
	number = {6},
	pages = {G129-G141},
	year = {2020},
	doi = {10.1190/geo2019-0826.1}
}


