@article{bott1960,
	author = {Bott, M. H. P.},
	title = "{The use of Rapid Digital Computing Methods for Direct Gravity Interpretation of Sedimentary Basins}",
	journal = {Geophysical Journal International},
	volume = {3},
	number = {1},
	pages = {63-67},
	year = {1960},
	month = {03},
	issn = {0956-540X},
	doi = {10.1111/j.1365-246X.1960.tb00065.x}
}

@article{roy1962,
	author = {Roy, A.},
	title = {Ambiguity in geophysical interpretation},
	journal = {GEOPHYSICS},
	volume = {27},
	issue = {1},
	pages = {90-99},
	year = {1962},
	doi = {10.1190/1.1438985}
}

@article {zidarov1965,
	author = {Zidarov, D.},
	title = {SOLUTION OF SOME INVERSE PROBLEMS OF APPLIED GEOPHYSICS},
	journal = {Geophysical Prospecting},
	volume = {13},
	number = {2},
	doi = {10.1111/j.1365-2478.1965.tb01932.x},
	pages = {240-246},
	year = {1965}
}

@book{kellogg1967,
	author = {Kellogg, O. D.},
	Title = {Foundations of Potential Theory},
	Publisher = {Springer-Verlag},
	Year = {1967},
	edition = {reprint from the first edition of 1929},
	isbn = {978-3-642-86750-7}
}

@article{dampney1969,
	author = {Dampney, C. N. G.},
	title = {The equivalent source technique},
	journal = {GEOPHYSICS},
	volume = {34},
	issue = {1},
	pages = {39-53},
	year = {1969},
	doi = {10.1190/1.1439996}
}

@article{emilia1973,
	author = {Emilia, D. A.},
	title = {Equivalent sources used as an analytic base for processing total magnetic field profiles},
	journal = {GEOPHYSICS},
	volume = {38},
	number = {2},
	pages = {339-348},
	year = {1973},
	doi = {10.1190/1.1440344}
}

@phdthesis{amaral1974,
	title    = {Geologia Pr{\'e}-{Cambriana} da Regi{\~a}o {Amaz{\^o}nica}},
	school   = {Universidade de {\~a}ão Paulo},
	author   = {Amaral, G.},
	year     = {1974}
}

@book{davis1979,
	author = {Davis, Philip J.},
	Title = {Circulant matrices},
	Publisher = {John Wiley {\&} Sons, Inc.},
	Year = {1979}
}

@article{hansen-miyazaki1984,
	author = {R. O. Hansen and Y. Miyazaki},
	title = {Continuation of potential fields between arbitrary surfaces},
	journal = {GEOPHYSICS},
	volume = {49},
	number = {6},
	pages = {787-795},
	year = {1984},
	doi = {10.1190/1.1441707}
}

@article{skilling-bryan1984,
	title={Maximum entropy image reconstruction-general algorithm},
	author={Skilling, John and Bryan, RK},
	journal={Monthly Notices of the Royal Astronomical Society, Vol. 211, NO. 1, 
	P. 111, 1984},
	volume={211},
	pages={111},
	year={1984}
}

@article{silva1986,
	author = {Silva, J. B. C.},
	title = {Reduction to the pole as an inverse problem and its application to low-latitude anomalies},
	journal = {GEOPHYSICS},
	volume = {51},
	number = {2},
	pages = {369-382},
	year = {1986},
	doi = {10.1190/1.1442096}
}

@incollection{sluis-vorst1987,
	author      = {A. van der Sluis and H. A. van der Vorst},
	title       = {Numerical solution of large, sparse linear algebraic systems arising from tomographic problems},
	editor      = {Guust Nolet},
	booktitle   = {Seismic tomography with applications in global seismology and exploration geophysics},
	publisher   = {D. Reidel Publishing Company},
	year        = {1987},
	pages       = {49-83},
	chapter     = {3}
}

@article{kennett1988,
	title={Subspace methods for large inverse problems with multiple parameter 
	classes},
	author={Kennett, BLN and Sambridge, MS and Williamson, PR},
	journal={Geophysical Journal International},
	volume={94},
	number={2},
	pages={237--247},
	year={1988},
	publisher={Blackwell Publishing Ltd Oxford, UK}
}

@book{jain1989,
	title={Fundamentals of Digital Image Processing},
	author={Anil K. Jain},
	edition={1},
	year={1989},
	publisher={Pearson},
	isbn={0-13-336165-9}
}

@article{leao-silva1989,
	author = {Le\~{a}o, J. W. D and Silva, J. B. C.},
	title = {Discrete linear transformations of potential field data},
	journal = {Geophysics},
	volume = {54},
	issue = {4},
	pages = {497-507},
	year = {1989},
	doi = {10.1190/1.1442676}
}

@article{teixeira-etal1989,
	title = {A review of the geochronology of the {Amazonian} {Craton}: Tectonic implications},
	journal = {Precambrian Research},
	volume = {42},
	number = {3},
	pages = {213-227},
	year = {1989},
	author = {Teixeira, W. and Tassinari, C.C.G. and Cordani, U. G. and Kawashita, K.}
}

@book{horn-johnson1991,
	title={Topics in Matrix Analysis},
	author={R. A. Horn and C. R. Johnson},
	edition={1},
	year={1991},
	publisher={Cambridge University Press},
	ISBN={0‐521‐30587‐X}
}

@article{xia-sprowl1991,
	title = {Correction of topographic distortion in gravity data},
	author = {Xia, Jianghai and Sprowl, Donald R},
	journal = {Geophysics},
	volume = {56},
	number = {4},
	pages = {537--541},
	year = {1991},
	publisher = {Society of Exploration Geophysicists}
}

@article{cordell1992,
	title = {A scattered equivalent-source method for interpolation and gridding of potential-field data in three dimensions},
	author = {Cordell, Lindrith},
	journal = {Geophysics},
	volume = {57},
	number = {4},
	pages = {629--636},
	year = {1992},
	publisher = {Society of Exploration Geophysicists}
}

@article{hansen1992,
	author = {Hansen, Per Christian},
	title = {Analysis of Discrete Ill-Posed Problems by Means of the L-Curve},
	journal = {SIAM Review},
	volume = {34},
	number = {4},
	pages = {561-580},
	year = {1992},
	doi = {10.1137/1034115}
}

@book{vanloan1992,
	Author = {Charles F {Van Loan}},
	Title = {Computational Frameworks for the fast Fourier transform},
	series = {Frontiers in Applied Mathematics},
	Publisher = {SIAM},
	Year = {1992},
	ISBN = {0-89871-285-8}
}

@article{oldenburg1993,
	title={Generalized subspace methods for large-scale inverse problems},
	author={Oldenburg, DW and McGillivray, PR and Ellis, RG},
	journal={Geophysical Journal International},
	volume={114},
	number={1},
	pages={12--20},
	year={1993},
	publisher={Blackwell Publishing Ltd Oxford, UK}
}

@article{xia-etal1993,
	author = {Xia, Jianghai and Sprowl, Donald R. and Adkins-Heljeson, Dana}, 
	title = {Correction of topographic distortions in potential-field data; a fast      and accurate approach},
	volume = {58}, 
	number = {4}, 
	pages = {515-523}, 
	year = {1993}, 
	doi = {10.1190/1.1443434}, 
	journal = {Geophysics}
}

@article{mendonca-silva1994,
	author = {Mendon\c{c}a, C. A. and Silva, J. B. C.},
	title = {The equivalent data concept applied to the interpolation of potential field data},
	journal = {Geophysics},
	volume = {59},
	number = {5},
	pages = {722-732},
	year = {1994},
	doi = {10.1190/1.1443630},
	publisher={Society of Exploration Geophysicists}    
}

@BOOK{blakely1996 ,
	author = {Blakely, R. J. },
	title = { Potential Theory in Gravity and Magnetic Applications},
	publisher = {Cambridge University press},
	year = {1996},
	isbn = {0-521-41508-X}
}

@article{barbosa-etal1997,
	title={Gravity inversion of basement relief using approximate equality  
	constraints on depths},
	author={Barbosa, Valeria Cristina F and Silva, Joao BC and Medeiros, Walter 
	E},
	journal={Geophysics},
	volume={62},
	number={6},
	pages={1745--1757},
	year={1997},
	publisher={Society of Exploration Geophysicists}
}

@article{tassinari-macambira1999,
	title={Geochronological provinces of the {Amazonian} {Craton}},
	author={Tassinari, C. C. and Macambira, M. J.},
	journal={Episodes},
	volume={22},
	pages={174-182},
	year={1999},
	publisher={IUGS}
}

@article{santos-etal2000,
	title = {A New Understanding of the Provinces of the {Amazon} {Craton} Based on Integration of Field Mapping and {U-Pb} and {Sm-Nd} Geochronology},
	journal = {Gondwana Research},
	volume = {3},
	number = {4},
	pages = {453-488},
	year = {2000},
	author = {Santos, J. O. S. and Hartmann, L. A. and Gaudette, H. E. and Groves, D. I. and Mcnaughton, M. J. and Fletcher, I. R.}
}

@article{moroni-etal2001,
	title={The {Serra} {Pelada} {Au-PGE} deposit, {Serra} dos {Caraj{\'a}s} ({Par{\'a}} state, {Brazil}): geological and geochemical indications for a composite mineralising process},
	author={Moroni, M. and Girardi, V.A. and Ferrario, A.},
	journal={Mineralium Deposita},
	volume={36},
	pages={768–785},
	year={2001},
	publisher={Springer}
}


@article{villas-santos2001,
	title={Gold deposits of the {Caraj{\'a}s} mineral province: deposit types and metallogenesis},
	author={Villas,R. N. and  Santos, M.},
	journal={Mineralium Deposita},
	volume={36},
	pages={300–331},
	year={2001},
	publisher={Springer}
}

@BOOK{gonzalez-woods2002,
	author = {Rafael C. Gonzalez and Richard E. Woods},
	title = {Digital Image Processing},
	publisher = {Prentice Hall},
	edition={2},
	year = {2002},
	isbn = {0-201-18075-8}
}

@article{guspi-etal2004,
	author = {Gusp{\'i}, Fernando and Introcaso, Antonio and Introcaso, Beatriz},
	title = "{Gravity-enhanced representation of measured geoid undulations using equivalent sources}",
	journal = {Geophysical Journal International},
	volume = {159},
	number = {1},
	pages = {1-8},
	year = {2004},
	month = {10},
	issn = {0956-540X},
	doi = {10.1111/j.1365-246X.2004.02364.x}
}


@book{chan-jin2007,
	title={An introduction to iterative {Toeplitz} solvers},
	author={Raymond Hon-Fu Chan and Xiao-Qing Jin},
	volume={5},
	year={2007},
	publisher={SIAM}
}

@book{press-etal2007,
	author = {William H. Press and Saul A. Teukolsky and William T. Vetterling and Brian P. Flannery},
	Title = {Numerical recipes: the art of scientific computing},
	Publisher = {Cambridge University Press},
	Year = {2007},
	edition = {3},
	isbn = {978-0-511-33555-6}
}

@article{guspi-novara2009,
	author={Fernando Gusp{\' i} and Iv{\' a}n Novara},
	title = {Reduction to the pole and transformations of scattered magnetic data using {Newtonian} equivalent sources},
	journal = {GEOPHYSICS},
	volume = {74},
	issue = {5},
	pages = {L67-L73},
	year = {2009},
	doi = {10.1190/1.3170690}
}

@article{li-oldenburg2010,
	author={Yaoguo Li and Douglas W. Oldenburg},
	title = {Rapid construction of equivalent sources using wavelets},
	journal = {GEOPHYSICS},
	volume = {75},
	issue = {3},
	pages = {L51-L59},
	year = {2010},
	doi = {10.1190/1.3378764}
}

@article{barnes-lumley2011,
	author={Gary Barnes and John Lumley},
	title = {Processing gravity gradient data},
	journal = {GEOPHYSICS},
	volume = {76},
	issue = {2},
	pages = {I33-I47},
	year = {2011},
	doi = {10.1190/1.3548548}
}

@book{golub-vanloan2013,
	Author = {Gene H Golub and Charles F {Van Loan}},
	Title = {Matrix Computations},
	series = {{Johns} {Hopkins} Studies in the Mathematical Sciences},
	Publisher = {Johns Hopkins University Press},
	Year = {2013},
	edition = {4},
	ISBN = {978-1-4214-0794-4}
}

@article{oliveirajr-etal2013,
	author = {Oliveira{ }Jr., V. C. and Barbosa, V. C. F. and Uieda, L.},
	title = {Polynomial equivalent layer},
	journal = {GEOPHYSICS},
	volume = {78},
	number = {1},
	pages = {G1-G13},
	year = {2013},
	doi = {10.1190/geo2012-0196.1}
}

@article{silva-etal2014,
	author = {Jo{\~a}o B. C. Silva and Darcicl{\'e}a F. Santos and Karina P. Gomes},
	title = {Fast gravity inversion of basement relief},
	journal = {GEOPHYSICS},
	volume = {79},
	number = {5},
	pages = {G79-G91},
	year = {2014},
	doi = {10.1190/geo2014-0024.1}
}

@ARTICLE{li_etal_2014,
	author = {Yaoguo Li and Misac Nabighian and Douglas W. Oldenburg},
	title = {Using an equivalent source with positivity for low-latitude reduction to the pole without striation},
	journal = {GEOPHYSICS},
	volume = {79},
	issue = {6},
	pages = {J81-J90},
	year = {2014},
	doi = {10.1190/geo2014-0134.1}
}

@article{cunha-etal2016,
	title = {Mineral chemistry and magnetic petrology of the Archean {Planalto} {Suite}, {Caraj{\'a}s} {Province} – {Amazonian} {Craton}: Implications for the evolution of ferroan Archean granites},
	journal = {Journal of South American Earth Sciences},
	volume = {67},
	pages = {100-121},
	year = {2016},
	author = {Cunha, I. R. and Dall'Agnol, R. and Feio, G. R. L.}
}

@article{siqueira-etal2017,
	author = {Siqueira, F.C.L and Oliveira{ }Jr., V. C. and Barbosa, V. C. F.},
	title = {Fast iterative equivalent-layer technique for gravity data processing: A method grounded on excess mass constraint},
	journal = {GEOPHYSICS},
	volume = {82},
	number = {4},
	pages = {G57-G69},
	year = {2017},
	doi = {10.1190/GEO2016-0332.1}
}

@article{elfving-etal2017,
	author = {Elfving, Tommy and Hansen, Per Christian and Nikazad, Touraj},
	title = {Convergence analysis for column-action methods in image reconstruction},
	journal = {Numerical Algorithms},
	volume = {74},
	number = {3},
	pages = {905-924},
	year = {2017},
	doi = {10.1007/s11075-016-0176-x}
}

@book{menke2018,
	Author = {William Menke},
	Title = {Geophysical data analysis: {Discrete} inverse theory},
	Publisher = {Elsevier},
	Year = {2018},
	edition = {4},
	ISBN = {978-0-12-813555-6}
}

@article{zhao-etal2018,
	title = {High-accuracy {3D} {Fourier} forward modeling of gravity field based on the {Gauss-FFT} technique},
	author = {Guangdong Zhao and Bo Chen and Longwei Chen and Jianxin Liu and Zhengyong Ren},
	journal = {Journal of Applied Geophysics},
	volume = {150},
	pages = {294-303},
	year = {2018},
	issn = {0926-9851},
	doi = {10.1016/j.jappgeo.2018.01.002}
}

@book{aster_etal2019,
	Author = {Richard C. Aster and Brian Borchers and Clifford H. Thurber},
	Title = {Parameter Estimation and Inverse Problems},
	Publisher = {Elsevier},
	Year = {2019},
	edition={3},
	ISBN = {978-0-12-804651-7}
}

@article{jirigalatu-ebbing2019,
	title = {A fast equivalent source method for airborne gravity gradient data},
	author = {Jirigalatu, J{\"o}rg and Ebbing},
	journal = {Geophysics},
	volume = {84},
	number = {5},
	pages = {G75--G82},
	year = {2019},
	doi = {10.1190/GEO2018-0366.1},
	publisher = {Society of Exploration Geophysicists}
}

@article{salomao-etal2019,
	author = {Salomao, G. N. and {Dall'Agnol}, R. and Angelica, R. S. and Figueiredo, M. A. and Sahoo, P. K. and Medeiros-Filho, C. A. and Costa, M. F.},
	title = {Geochemical mapping and estimation of background concentrations in soils of {Caraj{\'a}s} mineral province, eastern {Amazonian} {Craton}, {Brazil}},
	journal = {Geochemistry: Exploration, Environment, Analysis},
	volume = {19},
	number = {4},
	pages = {431-447},
	year = {2019}
}

@article{mendonca2020,
	author = {Carlos A. Mendon{\c c}a},
	title = {Subspace method for solving large-scale equivalent layer and density mapping problems},
	journal = {GEOPHYSICS},
	volume = {85},
	number = {3},
	pages = {G57-G68},
	year = {2020},
	doi = {10.1190/geo2019-0302.1}
}

@article{reis-etal2020,
	author = { Andr{\'e} L. A. Reis  and  Vanderlei C. Oliveira{ }Jr.  and  Val{\'e}ria C. F. Barbosa },
	title = {Generalized positivity constraint on magnetic equivalent layers},
	journal = {Geophysics},
	volume = {85},
	number = {6},
	pages = {1-45},
	year = {2020},
	doi = {10.1190/geo2019-0706.1}
}

@article{takahashi-etal2020,
	author = {Diego Takahashi and Vanderlei C. Oliveira{ }Jr. and Valéria C. F. Barbosa},
	title = {Convolutional equivalent layer for gravity data processing},
	journal = {GEOPHYSICS},
	volume = {85},
	number = {6},
	pages = {G129-G141},
	year = {2020},
	doi = {10.1190/geo2019-0826.1}
}

@article{soler-uieda2021,
	author = {Soler, Santiago R and Uieda, Leonardo},
	title = "{Gradient-boosted equivalent sources}",
	journal = {Geophysical Journal International},
	volume = {227},
	number = {3},
	pages = {1768-1783},
	year = {2021},
	month = {08},
	issn = {0956-540X},
	doi = {10.1093/gji/ggab297}
}

@article{gonzalez-etal2022,
	author = {Gonzalez, Shayane P. and Barbosa, Val{\'e}ria C. F. and Oliveira{ }Jr., Vanderlei C.},
	title = {Analyzing the Ambiguity of the Remanent-Magnetization Direction Separated Into Induced and Remanent Magnetic Sources},
	journal = {Journal of Geophysical Research: Solid Earth},
	year = {2022},
	volume = {127},
	number = {6},
	pages = {1--24},
	doi = {10.1029/2022JB024151}
}


@article{takahashi-etal2022,
	title = {Convolutional equivalent layer for magnetic data processing},
	author = {Takahashi, Diego and Oliveira{ }Jr., Vanderlei C and Barbosa, 
	Val{\'e}ria CF},
	journal = {Geophysics},
	volume = {87},
	number = {5},
	pages = {1--59},
	year = {2022},
	publisher = {Society of Exploration Geophysicists}
}